@inproceedings{mcauley2015image,
  title={Image-based recommendations on styles and substitutes},
  author={McAuley, Julian and Targett, Christopher and Shi, Qinfeng and Van Den Hengel, Anton},
  booktitle={Proceedings of the 38th International ACM SIGIR Conference on Research and Development in Information Retrieval},
  pages={43--52},
  year={2015},
  organization={ACM}
}

@misc{laerd,
	title={Spearman's Rank-Order Correlation - A guide to when to use it, what it does and what the assumptions are.},
	author = {Unknown, Unknown},
	year= {2013},
	url = {https://statistics.laerd.com/statistical-guides/spearmans-rank-order-correlation-statistical-guide.php},
	urldate = {2017-12-19},
	note = {\url{https://statistics.laerd.com/statistical-guides/spearmans-rank-order-correlation-statistical-guide.php}, Retrieved on \today}
}

@misc{minitab,
	title = {Interpret the key results for Correlation},
	author = {Unknown, Unknown},
	year= {2016},
	url = {http://support.minitab.com/en-us/minitab-express/1/help-and-how-to/modeling-statistics/regression/how-to/correlation/interpret-the-results/},
	abstract = {Complete the following steps to interpret a correlation analysis. Key output includes the Pearson correlation coefficient, the Spearman correlation coefficient, and the p-value.},
	type = {mtbconcept},
	urldate = {2017-12-19},
	note = {\url{http://support.minitab.com/en-us/minitab-express/1/help-and-how-to/modeling-statistics/regression/how-to/correlation/interpret-the-results}, Retrieved on \today},
	langid = {american}
}